@book{bookTemplate,
	title = {},
	publisher = {},
	year = {},
	author = {},
	edition = {}
}

@article{articleTemplate,
  author = {},
  title = {},
  journal = {},
  year = {},
  volume = {},
  pages = {},
  number = {},
  month = {},
  publisher = {}
}

@misc{miscTemplate,
  title={},
  author={},
  year={},
  howpublished = "\url{}",
  note = "[Online; Accessed dd-mm-yyyy]"
}


@misc{Test,
  title={Just For Test - \textbf{DELETE}},
  author={ME},
  year={2015},
  howpublished = "\url{www.test.dk}",
  note = "[Online; Accessed dd-mm-yyyy]"
}

@book{xp:explained,
 author = {Beck, Kent},
 title = {Extreme Programming Explained: Embrace Change},
 year = {2000},
 isbn = {0-201-61641-6},
 publisher = {Addison-Wesley Longman Publishing Co., Inc.},
 address = {Boston, MA, USA},
} 